%% This BibTeX bibliography file was created using BibDesk.
%% http://bibdesk.sourceforge.net/


%% Created for Cesare Tinelli at 2024-07-10 15:51:52 +0200 


%% Saved with string encoding Unicode (UTF-8) 



@techreport{HOL,
	author = {Michael Norrish and Konrad Slind},
	date-added = {2024-07-10 15:39:34 +0200},
	date-modified = {2024-07-10 15:51:51 +0200},
	note = {Available at {\tt https://sourceforge.net/projects/hol}},
	organization = {HOL development group},
	title = {The {HOL} System {LOGIC}},
	year = {2024}}

@techreport{BarST-RR-10,
	author = {Clark Barrett and Aaron Stump and Cesare Tinelli},
	date-added = {2014-07-12 15:06:52 +0000},
	date-modified = {2014-07-12 15:06:52 +0000},
	institution = {Department of Computer Science, The University of Iowa},
	note = {Available at {\tt www.SMT-LIB.org}},
	title = {{The SMT-LIB Standard: Version 2.0}},
	year = 2010}

@incollection{BarSST-09,
	author = {Clark Barrett and Roberto Sebastiani and Sanjit Seshia and Cesare Tinelli},
	booktitle = {Handbook of Satisfiability},
	chapter = 26,
	date-added = {2010-01-17 18:55:19 -0600},
	date-modified = {2010-01-17 18:57:07 -0600},
	editor = {Biere, Armin and Heule, Marijn J. H. and van Maaren, Hans and Walsh, Toby},
	isbn = {978-1-58603-929-5},
	issn = {0922-6389},
	month = {February},
	pages = {825--885},
	publisher = {IOS Press},
	title = {{Satisfiability Modulo Theories}},
	volume = {185},
	year = {2009}}

@book{Ste-90,
	author = {Guy L. Steele},
	date-added = {2010-01-10 00:58:57 +0100},
	date-modified = {2010-01-10 00:58:57 +0100},
	edition = {2nd},
	publisher = {Digital Press},
	title = {Common Lisp the Language},
	year = {1990}}

@inproceedings{BraMS-VMCAI-06,
	author = {Aaron R. Bradley and Zohar Manna and Henny B. Sipma},
	booktitle = {In Proc. Verification, Model-Checking, and Abstract-Interpretation (VMCAI) 2006},
	date-added = {2010-01-06 01:06:43 +0100},
	date-modified = {2010-01-06 01:06:43 +0100},
	pages = {427--442},
	publisher = {Springer-Verlag},
	series = {Lecture Notes in Computer Science},
	title = {What's Decidable About Arrays?},
	volume = {3855},
	year = {2006}}

@inproceedings{StumpBarret2001LICS,
	address = {Boston, MA, USA},
	author = {Aaron Stump and Clark W. Barrett and David L. Dill and Jeremy R. Levitt},
	booktitle = {16th Annual IEEE Symposium on Logic in Computer Science},
	date-added = {2010-01-06 01:01:52 +0100},
	date-modified = {2010-01-06 01:01:52 +0100},
	month = {July},
	pages = {29--37},
	title = {A Decision Procedure for an Extensional Theory of Arrays},
	year = {2001}}

@inproceedings{Bozzanoetal2005TACAS,
	author = {Marco Bozzano and Roberto Bruttomesso and Alessandro Cimatti and Tommi Junttila and Peter van Rossum and Stephan Schulz and Roberto Sebastiani},
	booktitle = {{Tools and Algorithms for the Construction and Analysis of Systems, 11th Int. Conf., (TACAS)}},
	date-added = {2010-01-06 00:58:32 +0100},
	date-modified = {2010-01-17 18:57:55 -0600},
	pages = {317--333},
	series = {Lecture Notes in Computer Science},
	title = {An incremental and Layered Procedure for the Satisfiability of Linear Arithmetic Logic},
	volume = {3440},
	year = {2005}}

@inproceedings{BardMS-CAV-05,
	author = {Clark W. Barrett and Leonardo de Moura and Aaron Stump},
	booktitle = {17th International Conference on Computer Aided Verification},
	date-added = {2010-01-06 00:43:36 +0100},
	date-modified = {2010-01-06 00:44:18 +0100},
	editor = {K. Etessami and S. Rajamani},
	pages = {20--23},
	publisher = {Springer},
	title = {{SMT-COMP: Satisfiability Modulo Theories Competition}},
	year = {2005}}

@incollection{HooStu-SAT-00,
	author = {Holger H. Hoos and Thomas St{\"u}tzle},
	booktitle = {{SAT}2000: {H}ighlights of {S}atisfiability {R}esearch in the year 2000},
	date-added = {2010-01-06 00:40:42 +0100},
	date-modified = {2010-01-06 00:40:42 +0100},
	editor = {Ian Gent and Hans {van Maaren} and Toby Walsh},
	pages = {283--292},
	publisher = {Kluwer Academic},
	series = {Frontiers in Artificial Intelligence and Applications},
	title = {{SATLIB: An Online Resource for Research on SAT}},
	year = 2000}

@article{Sut-JAR-09,
	author = {Sutcliffe, Geoff},
	date-added = {2010-01-06 00:30:06 +0100},
	date-modified = {2010-01-06 00:30:06 +0100},
	journal = {Journal of Automated Reasoning},
	number = {4},
	pages = {337-362},
	title = {{The TPTP Problem Library and Associated Infrastructure: The FOF and CNF Parts, v3.5.0}},
	volume = {43},
	year = {2009}}

@book{Fit-96,
	address = {Berlin},
	author = {Melvin Fitting},
	date-added = {2010-01-05 00:15:38 +0100},
	date-modified = {2010-01-05 00:15:38 +0100},
	edition = {2nd},
	publisher = {Springer},
	series = {Graduate Texts in Computer Science},
	title = {First-Order Logic and Automated Theorem Proving},
	year = 1996}

@book{Men-09,
	author = {Elliott Mendelson},
	date-added = {2010-01-05 00:10:54 +0100},
	date-modified = {2010-01-05 00:24:27 +0100},
	edition = {5th},
	publisher = {Chapman \& Hall},
	title = {Introduction to Mathematical Logic},
	year = {2009}}

@book{Hen-01,
	author = {Herbert B. Enderton},
	date-added = {2010-01-05 00:02:46 +0100},
	date-modified = {2010-01-05 00:21:10 +0100},
	edition = {2nd},
	publisher = {Academic Press},
	title = {A Mathematical Introduction to Logic},
	year = {2001}}

@book{Gal-86,
	author = {Jean Gallier},
	date-added = {2010-01-04 23:58:11 +0100},
	date-modified = {2010-01-04 23:58:11 +0100},
	publisher = {John Wiley \& Sons Inc},
	title = {Logic for Computer Science: Foundations of Automatic Theorem Proving},
	year = {1986}}

@book{EhrMah-85,
	author = {H. Ehrig and B. Mahr},
	date-added = {2010-01-04 23:52:59 +0100},
	date-modified = {2010-01-04 23:52:59 +0100},
	number = {6},
	publisher = {Springer-Verlag},
	series = {EATCS Monographs on Theoretical Computer Science},
	title = {Fundamentals of algebraic specifications I: Equations and Initial Semantics},
	year = {1985}}

@incollection{Man-MSL-93,
	author = {Manzano, Mar\'{i}a},
	booktitle = {Many-sorted logic and its applications},
	date-added = {2010-01-04 23:01:31 +0100},
	date-modified = {2010-01-05 00:26:28 +0100},
	isbn = {0-471-93485-2},
	pages = {3--86},
	publisher = {John Wiley \& Sons, Inc.},
	title = {Introduction to many-sorted logic},
	year = {1993}}

@misc{SMT-LIB,
	author = {Clark Barrett and Aaron Stump and Cesare Tinelli},
	howpublished = {{\tt www.SMT-LIB.org}},
	title = {{The Satisfiability Modulo Theories Library (SMT-LIB)}},
	year = 2010}

@techreport{RanTin-RR-06,
	author = {Silvio Ranise and Cesare Tinelli},
	institution = {Department of Computer Science, The University of Iowa},
	note = {Available at {\tt www.SMT-LIB.org}},
	title = {{The SMT-LIB Standard: Version 1.2}},
	year = 2006}

@article{barrett+06,
	author = {Clark W. Barrett and Leonardo de Moura and Aaron Stump},
	journal = {Formal Methods in System Design},
	number = {3},
	pages = {221--239},
	title = {{Design and Results of the 2nd Annual Satisfiability Modulo Theories competition (SMT-COMP 2006)}},
	volume = {31},
	year = {2007}}

@book{andrews86,
	author = {Peter Andrews},
	publisher = {Academic Press},
	title = {{An Introduction to Mathematical Logic and Type Theory: to Truth through Proof}},
	year = 1986}
